%http://onlinelibrary.wiley.com/doi/10.1002/atr.5670270304/pdf
@article{fouracre1993mass,
  title={Mass transit in developing cities},
  author={Fouracre, PR and Gardner, G},
  journal={Journal of advanced transportation},
  volume={27},
  number={3},
  pages={251--260},
  year={1993},
  publisher={Wiley Online Library}
}
